		@inproceedings{wang2012achieving,
		title={Achieving usable and privacy-assured similarity search over outsourced cloud data},
		author={Wang, Cong and Ren, Kui and Yu, Shucheng and Urs, Karthik Mahendra Raje},
		booktitle={INFOCOM, 2012 Proceedings IEEE},
		pages={451--459},
		year={2012},
		organization={IEEE}}